%%1
 @INPROCEEDINGS{ac,
    author = {M. Zeghid and M. Machhout and L. Khriji and A. Baganne and R. Tourki},
    title = {A modified AES based algorithm for image encryption},
    booktitle = {Proceeding of the World Academy of Science, Engineering and Technololgy, May, WASET Organization, USA},
    year = {2007},
    pages = {206--211}
}

%%2
@inproceedings{bc, author={Sumira Hameed, Faisal Riaz ,Riaz Moghal, Gulraiz Akhtar},
title={Modified Advanced Encryption Standard For Text And Images},
journal ={Computer Science Journal}, 
year={2011} 
} 


%%3
@MISC{cc,
    author = {Howard Cheng and Xiaobo Li},
    title = {Partial Encryption of Compressed Images and Videos},
    year = {2000}
}
    


%%4
@inproceedings{dc,
 author = {Potdar, Ujwala and Talele, K. T. and Gandhe, S. T.},
 title = {Comparison of MPEG video encryption algorithms},
 booktitle = {Proceedings of the International Conference on Advances in Computing, Communication and Control},
 series = {ICAC3 '09},
 year = {2009},
 isbn = {978-1-60558-351-8},
 location = {Mumbai, India},
 pages = {289--294},
 numpages = {6},
 url = {http://doi.acm.org/10.1145/1523103.1523163},
 doi = {10.1145/1523103.1523163},
 acmid = {1523163},
 publisher = {ACM},
 address = {New York, NY, USA},
 keywords = {MPEG codec, MVEA, PVEA, RVEA, block cipher, encryption, frames (I,P,B), perceptual encryption, secret key, stream cipher},
} 


%%5
@inproceedings{ec,
 author = {Hasan, Yassin M. Y. and Ahmed, Mohammed F. A. and Abdelhamid, Tarik K.},
 title = {Image adaptive selective encryption of vector quantization index compression},
 booktitle = {Proceedings of the 16th IEEE international conference on Image processing},
 series = {ICIP'09},
 year = {2009},
 isbn = {978-1-4244-5653-6},
 location = {Cairo, Egypt},
 pages = {1269--1272},
 numpages = {4},
 url = {http://dl.acm.org/citation.cfm?id=1818719.1819083},
 acmid = {1819083},
 publisher = {IEEE Press},
 address = {Piscataway, NJ, USA},
 keywords = {selective encryption, vector quantization},
}

%%6
@INPROCEEDINGS{fc,
    author = {Changgui Shi and Sheng-yih Wang and Bharat Bhargava},
    title = {MPEG Video Encryption in Real-time Using Secret Key Cryptography},
    booktitle = {in Proc. Int. Conf. Parallel and Distributed Processing Techniques and Applications},
    year = {1999}
}
%%7
@article{gc,
  author    = {Jolly Shah and
               Vikas Saxena},
  title     = {Video Encryption: A Survey},
  journal   = {CoRR},
  volume    = {abs/1104.0800},
  year      = {2011},
  ee        = {http://arxiv.org/abs/1104.0800},
  bibsource = {DBLP, http://dblp.uni-trier.de}
}


%%8
@INPROCEEDINGS{hc,
    author = {Jayshri Nehete, K. Bhagyalakshmi, T. R. Ramamohan},
    title = {MPEG Video Encryption in Real-time Using Secret Key Cryptography},
    booktitle = {Central Research Laboratory Bharat Electronics Ltd., Bangalore},
    year = {2011}
}

 %%11
@inproceedings{yd,
 author = {Adida, Ben and Hohenberger, Susan and Rivest, Ronald L.},
 title = {Lightweight encryption for email},
 booktitle = {Proceedings of the Steps to Reducing Unwanted Traffic on the Internet on Steps to Reducing Unwanted Traffic on the Internet Workshop},
 series = {SRUTI'05},
 year = {2005},
 location = {Cambridge, MA},
 pages = {13--13},
 numpages = {1},
 url = {http://dl.acm.org/citation.cfm?id=1251282.1251295},
 acmid = {1251295},
 publisher = {USENIX Association},
 address = {Berkeley, CA, USA},
} 
 
 
% %12
@article{ac
 , Author = "Seyed Hossein Kamali and Reza Shakerian and     Maysam Hedayati and Mohsen Rahmani"
 , title = "A New Modified Version of Advanced Encryption Standard Based Algorithm
 for Image Encryption"
 , journal = "International Conference on Electronics and   
              Information Engineering (ICEIE 2010)"
 , volume = ``1'' , 
 year = "2010" ,
 pages = "141-145"
 } 	
 
 % %13
 @article{aam,
     author = {Manoj. B and Manjula N Harihar},
     title = {Image Encryption and Decryption using AES },
     journal = {International Journal of Engineering and Advanced Technology},
     year = {june 2012},
     pages = {ISSN: 2249 – 8958, Volume-1, Issue-5}
 }
  

% %14
@article{ye
 , Author = "K. John Singh and Clinton Chee and R. Manimegalai"
 , title = "Fast Random Bit Encryption Technique for Video Data"
 , journal = "European Journal of Scientific Research"
 , year = "2011"
 }
 
 %%16
 @misc{yc,
    title = {{China drm} GoldenShield Video Encryption Tool},
    howpublished = {\url{http://en.china-drm.com/}},
    note = {Accessed: 30/09/2012}
  }
   
 %%17
 @inproceedings{ic, author={Huan Jian, Yaobin Mao and Zhiquan Wang}, title={A Novel Chaos-based video encryption algorithm},journal ={Computer Science Journal}, year={2004} } 
 
%%18
@INPROCEDDINGS{ffl,
author={J. Daemen, V. Rijmen},
title= {AES Proposal Rijndael [EB OL]}, 
year= {2010-01-09}
 http://
url= {www.daimi.au.dk/ivan/rijndael.pdf}
}

%%19
@INPROCEDDINGS{CCL,
author= {S. A. Manavski},
title= {CUDA Compatible GPU As an Efficient Hardware Accelerator for AES
Cryptography},
publisher= {In Proceedings of IEEE International Conference on Signal Processing and
Communication (ICSPC 2007), Dubai, United Arab Emirates}, 
 pages= {65–68}, 
 year= {November 2007}
 }

% %20
@INPROCEDDINGS{abcd,
author= {T. B. Maples and G. A. Spanos},
title= {Performance Study of a Selective Encryption Scheme for the Security of Networked,
Real-Time Video},
publisher= {In Proc. of Fourth International Workshop on Multimedia Software Development ’96},
year= {1995}
}

%%21
@INPROCEDDINGS{cdba,
author= {L. Qiao and K. Nahrstedt},
title = {A new algorithm for MPEG video encryption},
publisher= {In Proc. of First International Conference on Imaging Science System and Technology},
pages= {21 to 29},
year={1997}
}

% %22
@INPROCEDDINGS{poo,
author= {Varalakshmi.L.M. Dr. Florence Sudha. G. Vijayalakshmi},
title= {Light Weight Video Encryption Algorithms},
publisher= {Proceedings of 2011 International Conference on Signal Processing, Communication, Computing and Networking
Technologies},
year= {2011}
}

% %23
@article{Socek,
  added-at = {2011-03-01T00:00:00.000+0100},
  author = {Socek, Daniel and Magliveras, Spyros S. and Culibrk, Dubravko and Marques, Oge and Kalva, Hari and Furht, Borko},
  biburl = {http://www.bibsonomy.org/bibtex/2ce8ee3723802783cf349610a257e06f2/dblp},
  ee = {http://dx.doi.org/10.1155/2007/52965},
  interhash = {f7ae9c9b185c238e8913ae27e572d3fb},
  intrahash = {ce8ee3723802783cf349610a257e06f2},
  journal = {EURASIP J. Information Security},
  keywords = {dblp},
  timestamp = {2011-03-01T00:00:00.000+0100},
  title = {Digital Video Encryption Algorithms Based on Correlation-Preserving Permutations.},
  url = {http://dblp.uni-trier.de/db/journals/ejisec/ejisec2007.html#SocekMCMKF07},
  volume = {2007},
  year = {2007}
}

% %24
@MISC{for,
    author = {Lei Tang},
    title = {Methods for Encrypting and Decrypting MPEG Video Data Efficiently},
    year = {1996}
}

% %25
@INPROCEEDINGS{of,
    author = {Borko Furht and Daniel Socek and Ahmet M. Eskicioglu},
    title = {Fundamentals of multimedia encryption techniques},
    booktitle = {IN MULTIMEDIA SECURITY HANDBOOK},
    year = {2004},
    pages = {93--131},
    publisher = {CRC Press}
}

% %26
@article{article,
	author = {Krunal Suthar and Parmalik Kumar and Hitesh Gupta and Hiren Patel},
	title = {Article: Analytical Comparison of Symmetric Encryption and Encoding Techniques for Cloud Environment},
	journal = {International Journal of Computer Applications},
	year = {2012},
	volume = {60},
	number = {19},
	pages = {16-19},
	month = {December},
	note = {Published by Foundation of Computer Science, New York, USA}
}